@ARTICLE{dehak2010,
    author={N. Dehak and P. J. Kenny and R. Dehak and P. Dumouchel and P.
        Ouellet},
    journal={IEEE Transactions on Audio, Speech, and Language Processing},
    title={Front-End Factor Analysis for Speaker Verification},
    year={2011},
    volume={19},
    number={4},
    pages={788-798},
    month={May},}

@article{koolwaaij2000,
    author = "Johan Koolwaaij and Lou Boves",
    title = "Local Normalization and Delayed Decision Making in Speaker Detection and Tracking",
    journal = "Digital Signal Processing",
    volume = "10",
    number = "1-3",
    pages = "113-132",
    year = "2000",
    month = "January/April/July",
}

@article{viikki1998,
    author = "Olli Viikki and Kari Laurila",
    title = "Cepstral domain segmental feature vector normalization for noise robust speech recognition",
    journal = "Speech Comumunication",
    volume = "25",
    number = "1-3",
    pages = "133-147",
    year = "1998",
    month = "August",
}

@misc{dac13,
    author = "Johns Hopkins University",
    title = "2013 Speaker Recognition Workshop",
    howpublished = "\url{http://www.clsp.jhu.edu/workshops/archive/ws13-summer-work-shop/groups/spk-13/}",
    note = "[Online]"
}

@INPROCEEDINGS{kurosawa,
    author={N. Kurosawa and H. Kobayashi and K. Kobayashi},
    booktitle={Circuits and Systems, 2001. ISCAS 2001. The 2001 IEEE
        International Symposium on},
    title={Channel linearity mismatch effects in time-interleaved ADC systems},
    year={2001},
    volume={1},
    pages={420-423 vol. 1},
    month={May}
}

@inproceedings{pelecanos2001,
       booktitle = {2001: A Speaker Odyssey - The Speaker Recognition Workshop},
           title = {Feature Warping for Robust Speaker Verification},
          author = {Jason Pelecanos and Sridha Sridharan},
         address = {Crete, Greece},
       publisher = {International Speech Communication Association (ISCA)},
            year = {2001},
           pages = {213--218},
}

@ARTICLE{mclaren2012,
    author={M. McLaren and D. van Leeuwen},
    journal={IEEE Transactions on Audio, Speech, and Language Processing},
    title={Source-Normalized LDA for Robust Speaker Recognition Using i-Vectors
        From Multiple Speech Sources},
    year={2012},
    volume={20},
    number={3},
    pages={755-766},
    month={March}
}

@ARTICLE{singer2015,
    author={E. Singer and D. A. Reynolds},
    journal={IEEE Signal Processing Letters},
    title={Domain Mismatch Compensation for Speaker Recognition Using a Library
        of Whiteners},
    year={2015},
    volume={22},
    number={11},
    pages={2000-2003},
    month={Nov},
}

@inproceedings{garcia2011,
    title={Analysis of i-vector Length Normalization in Speaker Recognition Systems.},
    author={Garcia-Romero, Daniel and Espy-Wilson, Carol Y},
    booktitle={Interspeech},
    pages={249--252},
    year={2011}
}
